<collection xmlns="http://www.loc.gov/MARC21/slim">
   <record>
      <leader>02461cam a2200493 a 4500</leader>
      <controlfield tag="001">6669928</controlfield>
      <controlfield tag="003">OCoLC</controlfield>
      <controlfield tag="005">20140818144551.0</controlfield>
      <controlfield tag="008">140507s2015    enka     b    001 0 eng d</controlfield>
      <datafield ind1=" " ind2=" " tag="015">
         <subfield code="a">GBB450758</subfield>
         <subfield code="2">bnb</subfield>
      </datafield>
      <datafield ind1="7" ind2=" " tag="016">
         <subfield code="a">016714242</subfield>
         <subfield code="2">Uk</subfield>
      </datafield>
      <datafield ind1=" " ind2=" " tag="020">
         <subfield code="a">9781138778016 (v. 10)</subfield>
      </datafield>
      <datafield ind1=" " ind2=" " tag="020">
         <subfield code="a">113877801X</subfield>
      </datafield>
      <datafield ind1=" " ind2=" " tag="020">
         <subfield code="a">9781138024878 (set)</subfield>
      </datafield>
      <datafield ind1=" " ind2=" " tag="035">
         <subfield code="a">ocn880195026</subfield>
      </datafield>
      <datafield ind1=" " ind2=" " tag="040">
         <subfield code="a">UKMGB</subfield>
         <subfield code="b">eng</subfield>
         <subfield code="c">UKMGB</subfield>
         <subfield code="d">OCLCO</subfield>
         <subfield code="d">AEU</subfield>
      </datafield>
      <datafield ind1="1" ind2=" " tag="041">
         <subfield code="a">eng</subfield>
         <subfield code="h">fro</subfield>
      </datafield>
      <datafield ind1=" " ind2="4" tag="050">
         <subfield code="a">PQ1489.L2</subfield>
         <subfield code="b">E56 2015</subfield>
      </datafield>
      <datafield ind1="0" ind2="4" tag="082">
         <subfield code="a">843.1</subfield>
         <subfield code="2">23</subfield>
      </datafield>
      <datafield ind1=" " ind2=" " tag="090">
         <subfield code="a">PQ1489 .L2 E56 2015</subfield>
         <subfield code="b">AEGMCT</subfield>
      </datafield>
      <datafield ind1="0" ind2=" " tag="130">
         <subfield code="a">Lancelot (Prose cycle).</subfield>
         <subfield code="k">Selections.</subfield>
         <subfield code="l">English.</subfield>
         <subfield code="0">http://viaf.org/viaf/179822817</subfield>
      </datafield>
      <datafield ind1="1" ind2="0" tag="245">
         <subfield code="a">Sir Lancelot of the Lake :</subfield>
         <subfield code="b">a French prose romance of the thirteenth century /</subfield>
         <subfield code="c">[translated by] Lucy Allen Paton.</subfield>
      </datafield>
      <datafield ind1=" " ind2=" " tag="260">
         <subfield code="a">Abingdon, Oxon ;</subfield>
         <subfield code="a">New York :</subfield>
         <subfield code="b">Routledge,</subfield>
         <subfield code="c">2015.</subfield>
      </datafield>
      <datafield ind1=" " ind2=" " tag="300">
         <subfield code="a">xx, 420 p. :</subfield>
         <subfield code="b">ill. ;</subfield>
         <subfield code="c">23 cm.</subfield>
      </datafield>
      <datafield ind1=" " ind2=" " tag="336">
         <subfield code="a">text</subfield>
         <subfield code="2">rdacontent</subfield>
         <subfield code="0">http://id.loc.gov/vocabulary/contentTypes/txt</subfield>
      </datafield>
      <datafield ind1=" " ind2=" " tag="337">
         <subfield code="a">unmediated</subfield>
         <subfield code="2">rdamedia</subfield>
         <subfield code="0">http://id.loc.gov/vocabulary/mediaTypes/n</subfield>
      </datafield>
      <datafield ind1=" " ind2=" " tag="338">
         <subfield code="a">volume</subfield>
         <subfield code="2">rdacarrier</subfield>
         <subfield code="0">http://id.loc.gov/vocabulary/carriers/nc</subfield>
      </datafield>
      <datafield ind1="1" ind2=" " tag="490">
         <subfield code="a">Routledge library editions. Arthurian literature ;</subfield>
         <subfield code="v">v. 10</subfield>
      </datafield>
      <datafield ind1=" " ind2=" " tag="500">
         <subfield code="a">Selections in English from The Book of Lancelot of the Lake, The Quest of the Holy Grail, and The Death of King Arthur.</subfield>
      </datafield>
      <datafield ind1=" " ind2=" " tag="500">
         <subfield code="a">Translated from MS. in the Bibliothèque Nationale (Fonds français, 344) with an introd. and notes by Lucy Allen Paton.</subfield>
      </datafield>
      <datafield ind1=" " ind2=" " tag="500">
         <subfield code="a">Reprint of the 1929 ed. published by G. Routledge, London.</subfield>
      </datafield>
      <datafield ind1=" " ind2=" " tag="504">
         <subfield code="a">Includes bibliographical references and index.</subfield>
      </datafield>
      <datafield ind1=" " ind2=" " tag="546">
         <subfield code="a">Translated from the Old French.</subfield>
      </datafield>
      <datafield ind1=" " ind2=" " tag="596">
         <subfield code="a">29</subfield>
      </datafield>
      <datafield ind1=" " ind2="0" tag="650">
         <subfield code="a">Lancelot (Legendary character)</subfield>
         <subfield code="v">Romances.</subfield>
      </datafield>
      <datafield ind1=" " ind2="0" tag="650">
         <subfield code="a">French prose literature</subfield>
         <subfield code="y">To 1500</subfield>
         <subfield code="v">Translations into English.</subfield>
      </datafield>
      <datafield ind1=" " ind2="0" tag="650">
         <subfield code="a">Arthurian romances</subfield>
         <subfield code="v">Translations into English.</subfield>
      </datafield>
      <datafield ind1=" " ind2="0" tag="650">
         <subfield code="a">Arthurian romances.</subfield>
         <subfield code="0">http://id.loc.gov/authorities/subjects/sh85008144</subfield>
      </datafield>
      <datafield ind1="1" ind2=" " tag="700">
         <subfield code="a">Paton, Lucy Allen,</subfield>
         <subfield code="e">translator.</subfield>
         <subfield code="0">http://id.loc.gov/authorities/names/no2001067434</subfield>
         <subfield code="0">http://viaf.org/viaf/15130245</subfield>
      </datafield>
      <datafield ind1=" " ind2=" " tag="758">
         <subfield code="0">http://worldcat.org/entity/work/id/189835968</subfield>
      </datafield>
      <datafield ind1="0" ind2=" " tag="787">
         <subfield code="n">OCLC Work Id</subfield>
         <subfield code="o">http://worldcat.org/entity/work/id/189835968</subfield>
      </datafield>
      <datafield ind1=" " ind2="0" tag="830">
         <subfield code="a">Routledge library editions.</subfield>
         <subfield code="p">Arthurian literature ;</subfield>
         <subfield code="v">v. 10.</subfield>
      </datafield>
      <datafield ind1=" " ind2=" " tag="949">
         <subfield code="a">PQ1489 .L2 E56 2015</subfield>
         <subfield code="h">GMCT-OS-B</subfield>
         <subfield code="i">1007414970</subfield>
         <subfield code="p">207.84</subfield>
         <subfield code="k">AVAIL_SOON</subfield>
      </datafield>
      <datafield ind1=" " ind2=" " tag="926">
         <subfield code="a">PQ1489 .L2 E56 2015</subfield>
         <subfield code="w">LC</subfield>
         <subfield code="c">1</subfield>
         <subfield code="i">1007414970</subfield>
         <subfield code="d">10/9/2014</subfield>
         <subfield code="l">ON_SHELF</subfield>
         <subfield code="m">GR_MACEWAN</subfield>
         <subfield code="p">$197.94</subfield>
         <subfield code="r">Y</subfield>
         <subfield code="s">Y</subfield>
         <subfield code="t">BOOK</subfield>
         <subfield code="u">9/3/2014</subfield>
      </datafield>
   </record>
</collection>
